<?xml version="1.0" encoding="UTF-8"?>
<collection xmlns="http://www.loc.gov/MARC21/slim">
  <record>
    <leader>01142cam  2200301 a 4500</leader>
    <controlfield tag="001">   92005291 </controlfield>
    <controlfield tag="003">DLC</controlfield>
    <controlfield tag="005">19930521155141.9</controlfield>
    <controlfield tag="008">920219s1993    caua   j      000 0 eng  </controlfield>
    <datafield ind1=" " ind2=" " tag="010">
      <subfield code="a">   92005291 </subfield>
    </datafield>
    <datafield ind1=" " ind2=" " tag="020">
      <subfield code="a">0152038655 :</subfield>
      <subfield code="c">$15.95</subfield>
    </datafield>
    <datafield ind1=" " ind2=" " tag="040">
      <subfield code="a">DLC</subfield>
      <subfield code="c">DLC</subfield>
      <subfield code="d">DLC</subfield>
    </datafield>
    <datafield ind1=" " ind2=" " tag="042">
      <subfield code="a">lcac</subfield>
    </datafield>
    <datafield ind1="0" ind2="0" tag="050">
      <subfield code="a">PS3537.A618</subfield>
      <subfield code="b">A88 1993</subfield>
    </datafield>
    <datafield ind1="0" ind2="0" tag="082">
      <subfield code="a">811/.52</subfield>
      <subfield code="2">20</subfield>
    </datafield>
    <datafield ind1="1" ind2=" " tag="100">
      <subfield code="a">Sandburg, Carl,</subfield>
      <subfield code="d">1878-1967.</subfield>
    </datafield>
    <datafield ind1="1" ind2="0" tag="245">
      <subfield code="a">Arithmetic /</subfield>
      <subfield code="c">Carl Sandburg ; illustrated as an anamorphic adventure by Ted Rand.</subfield>
    </datafield>
    <datafield ind1=" " ind2=" " tag="250">
      <subfield code="a">1st ed.</subfield>
    </datafield>
    <datafield ind1=" " ind2=" " tag="260">
      <subfield code="a">San Diego :</subfield>
      <subfield code="b">Harcourt Brace Jovanovich,</subfield>
      <subfield code="c">c1993.</subfield>
    </datafield>
    <datafield ind1=" " ind2=" " tag="300">
      <subfield code="a">1 v. (unpaged) :</subfield>
      <subfield code="b">ill. (some col.) ;</subfield>
      <subfield code="c">26 cm.</subfield>
    </datafield>
    <datafield ind1=" " ind2=" " tag="500">
      <subfield code="a">One Mylar sheet included in pocket.</subfield>
    </datafield>
    <datafield ind1=" " ind2=" " tag="520">
      <subfield code="a">A poem about numbers and their characteristics. Features anamorphic, or distorted, drawings which can be restored to normal by viewing from a particular angle or by viewing the image&apos;s reflection in the provided Mylar cone.</subfield>
    </datafield>
    <datafield ind1=" " ind2="0" tag="650">
      <subfield code="a">Arithmetic</subfield>
      <subfield code="x">Juvenile poetry.</subfield>
    </datafield>
    <datafield ind1=" " ind2="0" tag="650">
      <subfield code="a">Children&apos;s poetry, American.</subfield>
    </datafield>
    <datafield ind1=" " ind2="1" tag="650">
      <subfield code="a">Arithmetic</subfield>
      <subfield code="x">Poetry.</subfield>
    </datafield>
    <datafield ind1=" " ind2="1" tag="650">
      <subfield code="a">American poetry.</subfield>
    </datafield>
    <datafield ind1=" " ind2="1" tag="650">
      <subfield code="a">Visual perception.</subfield>
    </datafield>
    <datafield ind1="1" ind2=" " tag="700">
      <subfield code="a">Rand, Ted,</subfield>
      <subfield code="e">ill.</subfield>
    </datafield>
  </record>
</collection>
